@article{glasheen1996hydrodynamic,
  title={A hydrodynamic model of locomotion in the basilisk lizard},
  author={Glasheen, JW and McMahon, TA},
  journal={Nature},
  volume={380},
  number={6572},
  pages={340--341},
  year={1996},
  publisher={[London: Macmillan Journals], 1869-}
}

@article{glasheen1996vertical,
  title={Vertical water entry of disks at low Froude numbers},
  author={Glasheen, JW and McMahon, TA},
  journal={Physics of Fluids},
  volume={8},
  pages={2078},
  year={1996}
}

@article{floyd2008design,
  title={Design and development of the lifting and propulsion mechanism for a biologically inspired water runner robot},
  author={Floyd, Steven and Sitti, Metin},
  journal={Robotics, IEEE Transactions on},
  volume={24},
  number={3},
  pages={698--709},
  year={2008},
  publisher={IEEE}
}

@article{hsieh2004running,
  title={Running on water: Three-dimensional force generation by basilisk lizards},
  author={Hsieh, S Tonia and Lauder, George V},
  journal={Proceedings of the National Academy of Sciences of the United States of America},
  volume={101},
  number={48},
  pages={16784--16788},
  year={2004},
  publisher={National Acad Sciences}
}

@article{park2010roll,
  title={Roll and pitch motion analysis of a biologically inspired quadruped water runner robot},
  author={Park, Hyun Soo and Floyd, Steven and Sitti, Metin},
  journal={The International Journal of Robotics Research},
  volume={29},
  number={10},
  pages={1281},
  year={2010},
  publisher={SAGE Publications}
}
